@online{DMXSerial,
  author={Hertel, Matthias and Kooijman, Matthijs and 2bit and XPModder},
  title={DMXSerial},
  year={2022},
  url={https://github.com/mathertel/DMXSerial},
  urldate={2023-10-17}
}

@online{NeoPixel,
  author={Adafruit},
  title={Adafruit NeoPixel Library},
  year={2023},
  url={https://github.com/adafruit/Adafruit_NeoPixel},
  urldate={2023-10-17}
}

@Article{Quadri:2014,
  author          = {A. S.A.Quadri and B. Othman Sidek},
  title           = {An Introduction to Over-the-Air Programming in Wireless Sensor Networks},
  journaltitle    = {International journal of Computer Science \& Network Solutions},
  year            = {2014},
  volume          = {2},
  number          = {2},
  issn            = {2345-3397}
}


@Article{Maji:2016,
  author          = {Shilpi Maji and Supantha Mandal and Suraj Kumar Saw},
  title           = {Phase Locked Loop - A Review},
  journaltitle    = {INTERNATIONAL JOURNAL OF ENGINEERING RESEARCH \& TECHNOLOGY (IJERT)},
  year            = {2016},
  volume          = {4},
  issue           = {2}
}

@incollection{Barry:2012,
  title = {Chapter 4 - Embedded Platform Architecture},
  editor = {Peter Barry and Patrick Crowley},
  booktitle = {Modern Embedded Computing},
  publisher = {Morgan Kaufmann},
  address = {Boston},
  pages = {41-97},
  year = {2012},
  isbn = {978-0-12-391490-3},
  doi = {https://doi.org/10.1016/B978-0-12-391490-3.00004-7},
  url = {https://www.sciencedirect.com/science/article/pii/B9780123914903000047},
  author = {Peter Barry and Patrick Crowley}
}

@online{ESP32DMASPI,
  author={hideakitai},
  title={ESP32DMASPI},
  year={2023},
  url={https://github.com/hideakitai/ESP32DMASPI},
  urldate={2023-10-16}
}

@online{SPI,
  author={Espressif Systems},
  title={SPI Slave Driver},
  year={2023},
  url={https://docs.espressif.com/projects/esp-idf/en/latest/esp32/api-reference/peripherals/spi_slave.html#spi-slave-driver},
  urldate={2023-10-16}
}

@Manual{PIC32,
  ALTauthor       = {Microchip Technology Inc.},
  title           = {PIC32MX5XX/6XX/7XX Family Data Sheet},
  year            = {2019}
}

@Manual{ADS,
  ALTauthor       = {Texas Instruments, Incorporated},
  title           = {ADS129x Low-Power, 8-Channel, 24-Bit Analog Front-End for Biopotential Measurements datasheet (Rev. K)},
  year            = {2023}
}

@online{ENTTEC,
  author={ENTTEC},
  title={Open DMX USB},
  year={2023},
  url={https://www.enttec.com/product/dmx-usb-interfaces/open-dmx-usb/},
  urldate={2023-10-16}
}

@article{Sumartono:2016,
author = {Sumartono, Isnar and Siahaan, Andysah Putera Utama and Arpan, Arpan},
year = {2016},
month = {12},
pages = {63-68},
title = {Base64 Character Encoding and Decoding Modeling},
volume = {2},
journal = {International Journal of Recent Trends in Engineering \& Research}
}

@INPROCEEDINGS{Ajdaraga:2017,
  author={Ajdaraga, Era and Gusev, Marjan},
  booktitle={2017 25th Telecommunication Forum (TELFOR)},
  title={Analysis of sampling frequency and resolution in ECG signals},
  year={2017},
  volume={},
  number={},
  pages={1-4},
  doi={10.1109/TELFOR.2017.8249438}
}
