@MastersThesis{Tran:2022,
  author =       {Tran, William},
  title =        {Music from Biosignals},
  school =       {Flinders University},
  year =         {2022},
  type =         {Bachelor's Thesis},
  OPTdesc =      {Development of current on-body device interated from Adam De Pierro}
}

@MastersThesis{Nicholls:2019,
  author =       {Nicholls, Isaac},
  title =        {Music with Bio-signals},
  school =       {Flinders University},
  year =         {2019},
  type =         {Bachelor's Thesis},
  OPTdesc =      {Sensor prototyping and first music generation}
}

@MastersThesis{Pierro:2019,
  author =       {De Pierro, Adam},
  title =        {Music from Biosignals},
  school =       {Flinders University},
  year =         {2019},
  type =         {Bachelor's Thesis},
  OPTdesc =      {Initial hardware design (not used due to chip shortages)}
}

@MastersThesis{Chen:2016,
  author =       {Chen, Chen},
  title =        {Music from Bio-Signals},
  school =       {Flinders University},
  year =         {2016},
  type =         {Bachelor's Thesis},
  OPTdesc =      {Early iteration of music from biosignals project, first was Darian Tregenza and Robert Wood in 2011, no information found on this}
}


@Article{Jaimovich:2015,
  author =       {Jaimovich, Javier and Knapp, R. Benjamin},
  title =        {Creating Biosignal Algorithms for Musical Applications from an Extensive Physiological Database},
  journal =      {Proceedings of the International Conference on New Interfaces for Musical Expression},
  year =         {2015},
  pages =        {1-4},
  url =          {https://hdl.handle.net/10919/80529},
  OPTdesc =      {Algorithm design for calibration of heart rate and electodermal activity sensing using data from over 4000 people}
}


@Article{Khunti:2014,
  author =       {Khunti, Kirti},
  title =        {Accurate interpretation of the 12-lead ECG electrode placement: A systematic review},
  journal =      {Health Education Journal},
  volume =       {73},
  number =       {5},
  pages =        {610-623},
  year =         {2014},
  doi =          {10.1177/0017896912472328},
  OPTdesc =      {Summary of 10 research papers discussing 12-lead ECG electrode placement}
}

@Article{Islam:2012,
  author =       {Islam, M. K. and Haque, A. N. M. M. and Tangim, G. and Ahammad, T. and Khondokar, M. R. H.},
  title =        {Study and Analysis of ECG Signal Using MATLAB \& LABVIEW as Effective Tools},
  journal =      {International Journal of Computer and Electrical Engineering},
  year =         {2012},
  volume =       {4},
  number =       {3},
  month =        {June},
  OPTdesc =      {ECG signal processing using MATLAB}
}

@InProceedings{Joshi:2013,
  author =       {Joshi, Sarang L. and Vatti, Rambabu A and Tornekar, Rupali V.},
  booktitle =    {2013 International Conference on Communication Systems and Network Technologies},
  title =        {A Survey on ECG Signal Denoising Techniques},
  year =         {2013},
  pages =        {60-64},
  doi =          {10.1109/CSNT.2013.22}
}

@Article{Benitez:2001,
  title =        {The use of the Hilbert transform in ECG signal analysis},
  journal =      {Computers in Biology and Medicine},
  volume =       {31},
  number =       {5},
  pages =        {399-406},
  year =         {2001},
  issn =         {0010-4825},
  doi =          {10.1016/S0010-4825(01)00009-9},
  url =          {https://www.sciencedirect.com/science/article/pii/S0010482501000099},
  author =       {D. Benitez and P.A. Gaydecki and A. Zaidi and A.P. Fitzpatrick},
  OPTdesc =      {Using Hilbert transform to detect R wave peaks in ECG waveforms}
}

@Article{Pan:1985,
  author =       {Pan, Jiapu and Tompkins, Willis J.},
  title =        {A real-time QRS detection algorithm},
  journal =      {IEEE Transactions on Biomedical Engineering},
  year =         {1985},
  volume =       {BME-32},
  number =       {3},
  pages =        {230-236},
  doi =          {10.1109/TBME.1985.325532},
  OPTdesc =      {Real-time algorithm for detection of QRS complexes of ECG signal}
}

@Article{Kumar:2012,
  author =       {Kumar, Neeraj and Ahmad, Imteyaz and Rai, Pankaj},
  title =        {Signal Processing of ECG Using Matlab},
  journal =      {International Journal of Scientific and Research Publications},
  year =         {2012},
  volume =       {2},
  OPTdesc =      {ECG signal processing using MATLAB}
}

@Article{Afonso:1999,
  title =        {ECG beat detection using filter banks},
  year =         {1999},
  author =       {V.X. Afonso and Willis J. Tompkins and T.Q. Nguyen and Truong Q. Nguyen and Shen Luo},
  doi =          {10.1109/10.740882},
  pmid =         {9932341},
  pmcid =        {null},
  mag_id=        {2104614052},
  journal =      {IEEE Transactions on Biomedical Engineering},
  OPTdesc =      {Heartbeat detection}
}

@Article{Chlaihawi:2018,
  author =       {Chlaihawi, Amer and Narakathu, Binu and Emamian, Sepehr and Bazuin, B.J. and Atashbar, Massood},
  year =         {2018},
  month =        {May},
  title =        {Development of printed and flexible dry ECG electrodes},
  volume =       {20},
  journal =      {Sensing and Bio-Sensing Research},
  doi =          {10.1016/j.sbsr.2018.05.001},
  OPTdesc =      {ECG electrodes that don't require wet gel}
}

@article{Peng:2016,
  title =        {Preparation of photonic-magnetic responsive molecularly imprinted microspheres and their application to fast and selective extraction of 17B-estradiol},
  journal =      {Journal of Chromatography A},
  volume =       {1442},
  pages =        {1-11},
  year =         {2016},
  issn =         {0021-9673},
  doi =          {10.1016/j.chroma.2016.03.003},
  url =          {https://www.sciencedirect.com/science/article/pii/S0021967316302308},
  author =       {Hailong Peng and Mei Luo and Hua Xiong and Ningxiang Yu and Fangjian Ning and Jieping Fan and Zheling Zeng and Jinhua Li and Lingxin Chen},
  OPTdesc =      {Previous non-gel ECG electrode research}
}

@Article{Guo:2017,
  author =       {Guo, Xuhong and Pei, Weihua and Wang, Yijun and Gong, Qi and Zhang, He and Xing, Xiao and Xie, Yuxing and Gui, Qiang and Chen, Hongda},
  journal =      {IEEE Sensors Journal},
  title =        {A Self-Wetting Paper Electrode for Ubiquitous Bio-Potential Monitoring},
  year =         {2017},
  volume =       {17},
  number =       {9},
  pages =        {2654-2661},
  doi =          {10.1109/JSEN.2017.2684825},
  OPTdesc =      {Previous non-gel ECG electrode research}
}

@InProceedings{Chouhan:2007,
  author =       {Chouhan, Vinod and Mehta, Sarabjeet},
  year =         {2007},
  month =        {March},
  pages =        {512-515},
  title =        {Total Removal of Baseline Drift from ECG Signal},
  journal =      {Proceedings - International Conference on Computing: Theory and Applications, ICCTA 2007},
  doi =          {10.1109/ICCTA.2007.126},
  OPTdesc =      {Algorithm for removing baseline drift from ECG signal written in MATLAB}
}

@InProceedings{Tanaka:2002,
  author =       {Tanaka, Atau and Knapp, R.},
  year =         {2002},
  month =        {January},
  title =        {Multimodal Interaction in Music Using the Electromyogram and Relative Position Sensing},
  OPTdesc =      {Control of electronic musical devices using EMG}
}

@Article{Berry:2016,
  author =       {Berry, Richard and Ryals, Scott and Girdhar, Ankur and Wagner, Mary},
  year =         {2016},
  month =        {June},
  title =        {Use of Chest Wall Electromyography to Detect Respiratory Effort during Polysomnography},
  volume =       {12},
  journal =      {Journal of clinical sleep medicine : JCSM : official publication of the American Academy of Sleep Medicine},
  doi =          {10.5664/jcsm.6122},
  OPTdesc =      {Evaluation of chest wall EMG using surface electrodes}
}

@InProceedings{Jain:2021,
  author =       {Jain, Reema and Garg, Vijay Kumar},
  booktitle =    {2021 9th International Conference on Reliability, Infocom Technologies and Optimization (Trends and Future Directions) (ICRITO)},
  title =        {EMG Classification Using Nature-Inspired Computing and Neural Architecture},
  year =         {2021},
  pages =        {1-5},
  doi =          {10.1109/ICRITO51393.2021.9596077}
}

@Article{Chan:2000,
  author =       {Chan, F.H.Y. and Yong-Sheng Yang and Lam, F.K. and Yuan-Ting Zhang and Parker, P.A.},
  journal =      {IEEE Transactions on Rehabilitation Engineering},
  title =        {Fuzzy EMG classification for prosthesis control},
  year =         {2000},
  volume =       {8},
  number =       {3},
  pages =        {305-311},
  doi =          {10.1109/86.867872},
  OPTdesc =      {Using neural network to classify EMG signals 'fuzzily'}
}

@Article{Young:2013,
  author =       {Young, Aaron J. and Smith, Lauren H. and Rouse, Elliott J. and Hargrove, Levi J.},
  journal =      {IEEE Transactions on Biomedical Engineering},
  title =        {Classification of Simultaneous Movements Using Surface EMG Pattern Recognition},
  year =         {2013},
  volume =       {60},
  number =       {5},
  pages =        {1250-1258},
  doi =          {10.1109/TBME.2012.2232293},
  OPTdesc =      {EMG pattern recognition}
}

@Article{Mohammadreza:2007,
  title =        {Myoelectric control systemsâ€”A survey},
  journal =      {Biomedical Signal Processing and Control},
  volume =       {2},
  number =       {4},
  pages =        {275-294},
  year =         {2007},
  issn =         {1746-8094},
  doi =          {10.1016/j.bspc.2007.07.009},
  url =          {https://www.sciencedirect.com/science/article/pii/S1746809407000547},
  author =       {Mohammadreza {Asghari Oskoei} and Huosheng Hu},
  OPTdesc =      {Review of systems using myoelectric signals (signals that correlate to muscle force)}
}

@InProceedings{Naji:2012,
  author =       {Naji, Mohsen and Firoozabadi, Mohammad and Azadfallah, Parviz},
  booktitle =    {2012 IEEE 12th International Conference on Bioinformatics \& Bioengineering (BIBE)},
  title =        {Emotion classification based on forehead biosignals using support vector machines in music listening},
  year =         {2012},
  pages =        {396-400},
  doi =          {10.1109/BIBE.2012.6399657},
  OPTdesc =      {Feasibility study of music-induced emotion classification using forehead biosignals}
}

@Article{Lin:2010,
  author =       {Lin, Yuan-Pin and Wang, Chi-Hong and Jung, Tzyy-Ping and Wu, Tien-Lin and Jeng, Shyh-Kang and Duann, Jeng-Ren and Chen, Jyh-Horng},
  journal =      {IEEE Transactions on Biomedical Engineering},
  title =        {EEG-Based Emotion Recognition in Music Listening},
  year =         {2010},
  volume =       {57},
  number =       {7},
  pages =        {1798-1806},
  doi =          {10.1109/TBME.2010.2048568},
  OPTdesc =      {Machine learning algorithm for EEG dynamics for emotional state recognition}
}

@Article{Mannan:2018,
  author =       {Mannan, Malik Muhammad Naeem and Kamran, Muhammad Ahmad and Jeong, Myung Yung},
  journal =      {IEEE Access},
  title =        {Identification and Removal of Physiological Artifacts From Electroencephalogram Signals: A Review},
  year =         {2018},
  volume =       {6},
  pages =        {30630-30652},
  doi =          {10.1109/ACCESS.2018.2842082}
}

@InProceedings{Piorecky:2019,
  author =       {Piorecky, Marek and Miletinova, Eva and Schaabova, Hana and Å ebek, Jakub and Buskova, Jitka},
  booktitle =    {2019 E-Health and Bioengineering Conference (EHB)},
  title =        {Dream Activity Analysis in Low-number Electrode EEG: A Methodology Proposal},
  year =         {2019},
  pages =        {1-4},
  doi =          {10.1109/EHB47216.2019.8969949}
}

@Article{Straebel:2014,
  author =       {Straebel, Volker and Thoben, Wilm},
  year =         {2014},
  month =        {April},
  pages =        {17-29},
  title =        {Alvin Lucier's Music for Solo Performer: Experimental music beyond sonification},
  volume =       {19},
  journal =      {Organised Sound},
  doi =          {10.1017/S135577181300037X},
  OPTdesc =      {Performance reflection of 1965 Music for Solo Performer}
}

@Misc{Lucier:2010,
  author =       {Carlos ConceiÃ§Ã£o},
  title =        {Alvin Lucier - "Music For Solo Performer" (1965)},
  year =         {2010},
  month =        {November},
  day =          {29},
  howpublished = {\url{https://www.youtube.com/watch?v=bIPU2ynqy2Y}},
  OPTdesc =      {Experimental precussion music generated from brainwaves}
}

@InProceedings{Kurniawan:2013,
  author =       {Kurniawan, Hindra and Maslov, Alexandr V. and Pechenizkiy, Mykola},
  booktitle =    {Proceedings of the 26th IEEE International Symposium on Computer-Based Medical Systems},
  title =        {Stress detection from speech and Galvanic Skin Response signals},
  year =         {2013},
  pages =        {209-214},
  doi =          {10.1109/CBMS.2013.6627790}
}

@InProceedings{Carlos:2011,
  author =       {Carlos, Rovira and Coyle, Shirley and Corcoran, Brian and Diamond, Dermot and Tomas, Ward and Aaron, McCoy and Stroiescu, Florin and Daly, Kieran},
  booktitle =    {SENSORS, 2011 IEEE},
  title =        {Web-based sensor streaming wearable for respiratory monitoring applications},
  year =         {2011},
  pages =        {901-903},
  doi =          {10.1109/ICSENS.2011.6127168}
}


@Article{Pantelopoulos:2010,
  author =       {Pantelopoulos, Alexandros and Bourbakis, Nikolaos G.},
  journal =      {IEEE Transactions on Systems, Man, and Cybernetics, Part C (Applications and Reviews)},
  title =        {A Survey on Wearable Sensor-Based Systems for Health Monitoring and Prognosis},
  year =         {2010},
  volume =       {40},
  number =       {1},
  pages =        {1-12},
  doi =          {10.1109/TSMCC.2009.2032660},
  OPTdesc =      {Survey of biosensors in context of wireless onbody devices with large number of citations}
}

@Book{NaÃ¯t-Ali:2009,
  author =       {},
  editor =       {NaÃ¯t-Ali, Amine},
  title =        {Advanced Biosignal Processing},
  publisher =    {Springer},
  year =         {2009},
  address =      {Berlin, Heidelberg},
  edition =      {1},
  OPTdesc =      {Book on acquiring and processing biosignal}
}

@Article{Dubost:2002,
  author =       {Dubost, Gilles and Tanaka, Atau},
  year =         {2002},
  month =        {January},
  title =        {A Wireless, Network-based Biosensor Interface for Music},
  OPTdesc =      {A networked biosensor interface for music},
}

@Article{Ortiz:2011,
  author =       {Ortiz, Miguel and Coghlan, Niall and Jaimovich, Javier and Knapp, Ben},
  title =        {Biosignal-driven Art: Beyond biofeedback},
  year =         {2011},
  OPTdesc =      {Overview of strategies developed for biosignal-driven art}
}

@InProceedings{TahiroÄŸlu:2008,
  author =       {TahiroÄŸlu, Koray and Drayson, Hannah and Erkut, Cumhur},
  year =         {2008},
  month =        {August},
  title =        {An Interactive Bio-Music Improvisation System},
  OPTdesc =      {Bio-signal instrumentation and audiovisual synthesis}
}

@Article{Nakra:1998,
  author =       {Nakra, Teresa and Picard, Rosalind},
  year =         {1998},
  month =        {November},
  title =        {The "Conductor's Jacket": A Device For Recording Expressive Musical Gestures},
  OPTdesc =      {Biosensors incorporated into regular jacket}
}

@Online{Yamaha:2018,
  author =       {Yamaha Global},
  title =        {Yamaha Artificial Intelligence (AI) Transforms a Dancer into a Pianist},
  year =         {2018},
  url =          {https://www.yamaha.com/en/news_release/2018/18013101/},
  urldate =      {2023-05-18},
  OPTdesc =      {Dancer controls piano using four types of sensors attached directly to their body}
}

@Online{Nerness:2019,
  author =       {Nerness, Barbara and Fuloria, Anika},
  title =        {Stethophone by Barbara Nerness and Anika Fuloria},
  year =         {2019},
  url =          {https://ccrma.stanford.edu/~afuloria/stethophone.html},
  urldate =      {2023-04-02},
  OPTdesc =      {Application of live music production using stethoscope}
}

@TechReport{Thies:2012,
  author =       {Thies, Matthew John and Pennycook, Bruce},
  title =        {Controlling game music in real time with biosignals},
  institution =  {The University of Texas at Austin},
  year =         {2012},
  OPTdesc =      {Video game music generation using heart rate sensor and galvanic skin response}
}

@TechReport{Jaimovich:2016,
  author =       {Jaimovich, Javier},
  title =        {Emovere: Designing Sound Interactions for Biosignals and Dancers},
  institution =  {Departamento de MÃºsica y SonologÃ­a Universidad de Chile},
  year =         {2016},
  OPTdesc =      {Development of interactive sound generation device that measure physiological signals from dancers}
}
