@online{DMXSerial,
  author={Hertel, Matthias and Kooijman, Matthijs and 2bit and XPModder},
  title={DMXSerial},
  year={2022},
  url={https://github.com/mathertel/DMXSerial},
  urldate={2023-10-17}
}

@online{NeoPixel,
  author={Adafruit},
  title={Adafruit NeoPixel Library},
  year={2023},
  url={https://github.com/adafruit/Adafruit_NeoPixel},
  urldate={2023-10-17}
}
